%References.bib
@article{Example_Reference,
   title={A paper to reference},
   url={http://www.examplewebsite.org},
   journal={Journal X},
   author={Author 1 and Author 2},
   year={2024}
}

@article{knuth:1984,
  title={Literate Programming},
  author={Donald E. Knuth},
  journal={The Computer Journal},
  volume={27},
  number={2},
  pages={97--111},
  year={1984},
  publisher={Oxford University Press}
}